@book{book:taylor1997,
   title =     {An Introduction to Error Analysis: The Study of Uncertainties in Physical Measurements},
   author =    {John R. Taylor},
   publisher = {University Science Books},
   isbn =      {093570275X,9780935702750,0935702423},
   year =      {1997},
   series =    {},
   edition =   {2nd ed},
   volume =    {},
   % url =       {http://gen.lib.rus.ec/book/index.php?md5=1e03d53270c8f458ffe3624acf2a62b6}
}
@book{manual:lab,
  author =      {UNI},
  title =       {Manual de Laboratorio de FÃ­sica},
  year =        {2023},
}
